
@Article{Dressler2021,
author={Dressler, F. F.
and Gratzke, C.
and Miernik, A.
and Schoeb, D. S.},
title={Track and Teach: Identifying Key Movement Patterns in Endoscopic Transurethral Enucleation of the Prostate},
journal={Urologia Internationalis},
year={2021},
volume={105},
number={9-10},
pages={835-845},
issn={0042-1138},
doi={10.1159/000514596},
url={https://www.karger.com/DOI/10.1159/000514596},
url={https://doi.org/10.1159/000514596}
}
@misc{NHS_england2022,
  title = {Guidance. 20-week screening scan. GOV.UK.},
  howpublished = {\url{https://www.gov.uk/government/publications/fetal-anomaly-screening-programme-handbook/20-week-screening-scan}},
  note = {Accessed: 2023-03-15}
}

@misc{NICE2022,
  title = {National Institute for Health and Care Excellence (NICE).},
  howpublished = {\url{https://www.nice.org.uk/guidance/ng201/resources/antenatal-care-pdf-66143709695941}},
  note = {Accessed: 2023-03-15}
}

@article{niu2022,
author = {Niu, Baoshan and Yang, Dapeng and Wang, Peng and Yang, Haonan and Zhang, Le and Gu, Yikun and Jiang, Li},
title = {Virtual-force-guided intraoperative ultrasound scanning with online lesion location prediction: A phantom study},
journal = {The International Journal of Medical Robotics and Computer Assisted Surgery},
volume = {n/a},
number = {n/a},
pages = {e2491},
keywords = {intraoperative ultrasound scanning, lesion location prediction, minimally invasive surgical robot, virtual force},
doi = {https://doi.org/10.1002/rcs.2491},
url = {https://onlinelibrary.wiley.com/doi/abs/10.1002/rcs.2491},
eprint = {https://onlinelibrary.wiley.com/doi/pdf/10.1002/rcs.2491},
}
`

@Article{Gerlach2022,
author={Gerlach, Stefan
and Hofmann, Theresa
and F{\"u}rweger, Christoph
and Schlaefer, Alexander},
title={AI-based optimization for US-guided radiation therapy of the prostate},
journal={International Journal of Computer Assisted Radiology and Surgery},
year={2022},
month={Nov},
day={01},
volume={17},
number={11},
pages={2023-2032},
issn={1861-6429},
doi={10.1007/s11548-022-02664-6},
url={https://doi.org/10.1007/s11548-022-02664-6}
}

@article{Ipsen2021,
doi = {10.1088/1361-6560/abf277},
url = {https://dx.doi.org/10.1088/1361-6560/abf277},
year = {2021},
month = {apr},
publisher = {IOP Publishing},
volume = {66},
number = {9},
pages = {094002},
author = {Svenja Ipsen and Daniel Wulff and Ivo Kuhlemann and Achim Schweikard and Floris Ernst},
title = {Towards automated ultrasound imagingâ€”robotic image acquisition in liver and prostate for long-term motion monitoring},
journal = {Physics in Medicine and Biology},
}
`

@article{vonHaxthausen2021,
author={von Haxthausen, Felix
and B{\"o}ttger, Sven
and Wulff, Daniel
and Hagenah, Jannis
and Garc{\'i}a-V{\'a}zquez, Ver{\'o}nica
and Ipsen, Svenja},
title={Medical Robotics for Ultrasound Imaging: Current Systems and Future Trends},
journal={Current Robotics Reports},
year={2021},
month={Mar},
day={01},
volume={2},
number={1},
pages={55-71},
issn={2662-4087},
doi={10.1007/s43154-020-00037-y},
url={https://doi.org/10.1007/s43154-020-00037-y}
}



@misc{deng2021,
  doi = {10.48550/ARXIV.2111.09739},  
  url = {https://arxiv.org/abs/2111.09739},
  author = {Deng, Xutian and Lei, Ziwei and Wang, Yi and Li, Miao},
  keywords = {Artificial Intelligence (cs.AI), Robotics (cs.RO), FOS: Computer and information sciences, FOS: Computer and information sciences},
  title = {Learning Ultrasound Scanning Skills from Human Demonstrations},
  publisher = {arXiv},
  year = {2021},
  copyright = {arXiv.org perpetual, non-exclusive license}
}
`


@article{PREVOST2018187,
title = {3D freehand ultrasound without external tracking using deep learning},
journal = {Medical Image Analysis},
volume = {48},
pages = {187-202},
year = {2018},
issn = {1361-8415},
doi = {https://doi.org/10.1016/j.media.2018.06.003},
url = {https://www.sciencedirect.com/science/article/pii/S1361841518303712},
author = {Raphael Prevost and Mehrdad Salehi and Simon Jagoda and Navneet Kumar and Julian Sprung and Alexander Ladikos and Robert Bauer and Oliver Zettinig and Wolfgang Wein},
keywords = {3D freehand ultrasound, Deep learning, Motion estimation, Inertial measurement unit},
}

@article{chen1997,
author = {Chen, Jian-Feng and Fowlkes, J. Brian and Carson, Paul L. and Rubin, Jonathan M.},
title = {Determination of scan-plane motion using speckle decorrelation: Theoretical considerations and initial test},
journal = {International Journal of Imaging Systems and Technology},
volume = {8},
number = {1},
pages = {38-44},
keywords = {ultrasound, 3D, motion estimation, speckle, decorrelation},
doi = {https://doi.org/10.1002/(SICI)1098-1098(1997)8:1<38::AID-IMA5>3.0.CO;2-U},
year = {1997}
}


@InProceedings{droste2020,
author="Droste, Richard
and Drukker, Lior
and Papageorghiou, Aris T.
and Noble, J. Alison",
title="Automatic Probe Movement Guidance for Freehand Obstetric Ultrasound",
booktitle="Medical Image Computing and Computer Assisted Intervention -- MICCAI 2020",
year="2020",
publisher="Springer International Publishing",
address="Cham",
pages="583--592",
isbn="978-3-030-59716-0"
}

